


@inproceedings{khalil-ApplicationArtificialNeural-2013,
  title = {Application of Artificial Neural Network for the Prediction of Trimmed Impeller Size of a Centrifugal Pump.},
  author = {Khalil, Mohamed and Elgohary, Mohamed and Shaito, Ali},
  date = {2013-12},
  file = {G:\GrandLibrary\Grand-Zotero-Library\Zotero\storage\T9HMMZ2E\Khalil et al. - 2013 - Application of artificial neural network for the p.pdf}
}
